<record><leader>00000cas a22000007a 4500</leader><controlfield tag="001">15132309</controlfield><controlfield tag="008">870130d183u1852pauwr ne      0    0eng d</controlfield><datafield ind1=" " ind2=" " tag="010"><subfield code="a">sn 87079945 </subfield></datafield><datafield ind1=" " ind2=" " tag="040"><subfield code="a">NPH</subfield><subfield code="b">eng</subfield><subfield code="c">NPH</subfield><subfield code="d">OCLCQ</subfield></datafield><datafield ind1=" " ind2=" " tag="042"><subfield code="a">msc</subfield></datafield><datafield ind1="0" ind2=" " tag="130"><subfield code="a">Indiana register (Indiana, Pa.)</subfield></datafield><datafield ind1="1" ind2="0" tag="245"><subfield code="a">Indiana register.</subfield></datafield><datafield ind1=" " ind2=" " tag="260"><subfield code="a">Indiana, Indiana Co., Pa. :</subfield><subfield code="b">William Moorhead,</subfield><subfield code="c">-1852.</subfield></datafield><datafield ind1=" " ind2=" " tag="300"><subfield code="a">v. ;</subfield><subfield code="c">54 cm.</subfield></datafield><datafield ind1=" " ind2=" " tag="310"><subfield code="a">Weekly</subfield></datafield><datafield ind1="0" ind2=" " tag="362"><subfield code="a">-new ser. v. 1, no. 26 (Dec. 22, 1852).</subfield></datafield><datafield ind1=" " ind2=" " tag="500"><subfield code="a">Published every Wednesday.</subfield></datafield><datafield ind1=" " ind2=" " tag="500"><subfield code="a">Publishers: G.P. Reed, &lt;Apr. 7, 1852&gt;; S.B. Row, &lt;June 30, 1852&gt;.</subfield></datafield><datafield ind1=" " ind2=" " tag="515"><subfield code="a">Issues for &lt;Nov. 18, 1835&gt; called also &lt;whole no. 76&gt;.</subfield></datafield><datafield ind1=" " ind2=" " tag="515"><subfield code="a">Publisher began new numbering, June 30, 1852.</subfield></datafield><datafield ind1=" " ind2=" " tag="588"><subfield code="a">Description based on: Vol. 2, no. 19 (Oct. 14, 1835).</subfield></datafield><datafield ind1=" " ind2=" " tag="752"><subfield code="a">United States</subfield><subfield code="b">Pennsylvania</subfield><subfield code="c">Indiana</subfield><subfield code="d">Indiana.</subfield></datafield><datafield ind1="0" ind2="0" tag="785"><subfield code="t">Indiana weekly register</subfield><subfield code="w">(DLC)sn 83032209</subfield></datafield></record>